@techreport{wsla,
author="{H}. {L}udwig and {A}. {K}eller and {A}. {D}an and {R.P}. {K}ing and {R}. {F}ranck",
title="{W}eb {S}ervice {L}evel {A}greement ({WSLA}) {L}anguage {S}pecification",
institution="IBM Corporation",
key="WSLA",
version="1.0",
month="Jan",
year="2003",
howpublished = {retrieved {O}ct. 2011, from \url{http://www.research.ibm.com/}}
}

@misc{wsag,
author = {Andrieux, A. and Czajkowski, K. and Dan, A. and Keahey, K. and Ludwig, H. and Nakata, T. and Pruyne, J. and Rofrano, J. and Tuecke, S. and Xu, M.},
institution = {Global Grid Forum, Grid Resource Allocation Agreement Protocol (GRAAP) WG},
month = Sep,
title = "{W}eb {S}ervices {A}greement {S}pecification ({WS}-{A}greement)",
note="Available at http://mailman.ogf.org/documents/GFD.107.pdf",
year = {2005}
}

@misc{wsdl,
title = "{W}eb {S}ervices {D}escription {L}anguage",
author ="{E}. {C}hristensen and {F}. {C}urbera and {G}. {M}eredith and {S}. {W}eerawarana",
version="1.1",
month="March",
year ="2001",
howpublished={retrieved from \url{http://www.w3.org/TR/wsdl}}
}

@misc{xml,
title="{E}xtensible {M}arkup {L}anguage ({XML})",
author={XML Core Working Group},
version="1.0",
month="November",
year="2008",
howpublished={retrieved from \url{http://www.w3.org/TR/REC-xml/}}
}

@article{ensel,
 author = {Ensel, Christian and Keller, Alexander},
 title = {An Approach for Managing Service Dependencies with XML and the Resource Description Framework},
 journal = {J. Netw. Syst. Manage.},
 issue_date = {June 2002},
 volume = {10},
 number = {2},
 month = jun,
 year = {2002},
 pages = {147--170},
 numpages = {24},
 publisher = {Plenum Press},
 address = {New York, NY, USA}
} 


@misc{antlr,
title="{A}nother {T}ool for {L}anguage {R}ecognition",
author={Terence Parr},
version="4.5",
year="2014",
howpublished={retrieved from \url{http://www.antlr.org/}}
}

@book{fowler,
 author = {Fowler, Martin},
 title = {Domain Specific Languages},
 year = {2010},
 edition = {1st},
 publisher = {Addison-Wesley Professional}
} 

@book{louden,
 author = {Louden, Kenneth C.},
 title = {Programming Languages: Principles and Practice},
 year = {1993},
 publisher = {Wadsworth Publ. Co.},
 address = {Belmont, CA, USA}
} 

@misc{cloudant,
title="{C}loudant {T}echnical {O}verview: {A}natomy	of	the {C}loudant	{DB}aa{S}",
author={Cloudant},
year="2013",
howpublished={retrieved from \url{https://cloudant.com/CloudantTechnicalOverview.pdf}}
}

@misc{couchrest,
title="{C}ouchrest +{M}odel github repository",
author={Couchrest},
year="2013",
howpublished={retrieved from \url{https://github.com/couchrest/couchrest.github.com}}
}

@incollection{lessons,
year={2010},
booktitle={Grids and Service-Oriented Architectures for Service Level Agreements},
editor={Wieder, Philipp and Yahyapour, Ramin and Ziegler, Wolfgang},
title={Lessons Learned from Implementing WS-Agreement},
publisher={Springer US},
author={Battré, Dominic and Hovestadt, Matthias and Wäldrich, Oliver},
pages={23-34},
language={English}
}

@inproceedings{lisa,
 author = {Alexander Keller and Heiko Ludwig},
 title = "{D}efining and {M}onitoring {S}ervice-{L}evel {A}greements for {D}ynamic e-{B}usiness",
 booktitle = {Proc. of the 16th USENIX conference on System administration},
 series = {LISA '02},
 year = {2002},
 location = {Philadelphia, PA},
 pages = {189--204},
 numpages = {16},
 publisher = {USENIX Association},
 address = {Berkeley, CA, USA}
} 

@misc{ruby,
title="{R}uby {P}rogramming {L}anguage",
author={Yukihiro Matsumoto},
version="2.0",
year="2014",
howpublished={retrieved from \url{https://www.ruby-lang.org/}}
}

@misc{bluemix,
title="{IBM} {B}luemix {T}he {D}igital {I}nnovation {P}latform",
author={IBM},
year="2014",
howpublished={retrieved from \url{https://console.ng.bluemix.net/home/}}
}

@misc{xlets,
title="{X}let {J}ava {TV} {A}PI 1.1 ",
author="{O}racle {J}ava {D}ocs",
year="2013",
howpublished={retrieved from  \url{http://docs.oracle.com/javame/config/cdc/opt-pkgs/api/jsr927/javax/tv/xlet/Xlet.html}}
}


